<?xml version="1.0" encoding="UTF-8"?>
<collection xmlns:xsi="http://www.w3.org/2001/XMLSchema-instance" xsi:schemaLocation="http://www.loc.gov/MARC21/slim http://www.loc.gov/standards/marcxml/schema/MARC21slim.xsd" xmlns="http://www.loc.gov/MARC21/slim">
<record>
  <leader>01259cam a22002411  4500</leader>
  <controlfield tag="001">3068237</controlfield>
  <controlfield tag="003">NNC</controlfield>
  <controlfield tag="005">20130520200840.0</controlfield>
  <controlfield tag="008">010820s1916    ua            000 0 ara d</controlfield>
  <datafield tag="035" ind1=" " ind2=" ">
    <subfield code="a">(OCoLC)ocm47806294</subfield>
  </datafield>
  <datafield tag="035" ind1=" " ind2=" ">
    <subfield code="9">ATP0678CU</subfield>
  </datafield>
  <datafield tag="035" ind1=" " ind2=" ">
    <subfield code="a">(NNC)3068237</subfield>
  </datafield>
  <datafield tag="035" ind1=" " ind2=" ">
    <subfield code="a">3068237</subfield>
  </datafield>
  <datafield tag="040" ind1=" " ind2=" ">
    <subfield code="a">ZCU</subfield>
    <subfield code="c">ZCU</subfield>
  </datafield>
  <datafield tag="099" ind1=" " ind2=" ">
    <subfield code="a">893.799</subfield>
    <subfield code="a">Ib5993</subfield>
  </datafield>
  <datafield tag="100" ind1="1" ind2=" ">
    <subfield code="a">Ibn Nujaym, Zayn al-Dīn ibn Ibrāhīm,</subfield>
    <subfield code="d">-1563.</subfield>
  </datafield>
  <datafield tag="245" ind1="1" ind2="3">
    <subfield code="a">al-Baḥr al-rāʾiq, sharḥ Kanz al-daqāʾiq,</subfield>
    <subfield code="b">li muḥarrir al-madhhab al-Nuʻmānī wa Abī Ḥanīfah al-thānī, al-shaykh Zayn al-Din al-shahīr bi Ibn Nujaym.</subfield>
    <subfield code="c">Wa-bi-hāmishihī: al-Ḥawāshī al-musammāh bi-Minḥat al-khāliq ʻalā al-Baḥr al-rāʾiq, li-Muḥammad Amīn al-shahīr bi-Ibn ʻAbidīn. Wa-qad juʻila kitāb al-Baḥr fī sabʻat ajzā, wa-al-juzʾ al-thāmin: Takmilat al-ustādh Muḥammad al-shahīr bi al-Ṭūrī.</subfield>
  </datafield>
  <datafield tag="260" ind1=" " ind2=" ">
    <subfield code="a">Miṣr,</subfield>
    <subfield code="b">Maṭb. Dār al-Kutub al-Gharbīyah al-Kubrā</subfield>
    <subfield code="c">[1334 h., 1916 m.]</subfield>
  </datafield>
  <datafield tag="300" ind1=" " ind2=" ">
    <subfield code="a">8 v.</subfield>
  </datafield>
  <datafield tag="600" ind1="1" ind2="0">
    <subfield code="a">Nasafī, ʻAbd Allāh ibn Aḥmad,</subfield>
    <subfield code="d">-1310.</subfield>
    <subfield code="t">Kanz al-daqāʼiq.</subfield>
  </datafield>
  <datafield tag="600" ind1="1" ind2="0">
    <subfield code="a">Ibn ʻĀbidīn, Muḥammad Amīn ibn ʻUmar,</subfield>
    <subfield code="d">1783 or 1784-1836.</subfield>
    <subfield code="t">Minḥat al-Khāliq.</subfield>
  </datafield>
  <datafield tag="650" ind1=" " ind2="0">
    <subfield code="a">Islamic law</subfield>
    <subfield code="v">Early works to 1800.</subfield>
  </datafield>
  <datafield tag="955" ind1=" " ind2=" ">
    <subfield code="b">0055230741</subfield>
    <subfield code="d">glx</subfield>
    <subfield code="e">893.799 Ib5993</subfield>
    <subfield code="v">v.2</subfield>
  </datafield>
</record>
</collection>